<?xml version="1.0" encoding="UTF-8"?>
<record xmlns="http://www.loc.gov/MARC21/slim" xmlns:xsi="http://www.w3.org/2001/XMLSchema-instance" xsi:schemaLocation="http://www.loc.gov/MARC21/slim http://www.loc.gov/standards/marcxml/schema/MARC21slim.xsd">
<leader>     nam a2200349 a 4500</leader>
<controlfield tag="001">001768009</controlfield>
<controlfield tag="003">NNU</controlfield>
<controlfield tag="005">20061010171111.0</controlfield>
<controlfield tag="008">010904m19061907ua       d    000 0 ara</controlfield>
<datafield tag="010" ind1=" " ind2=" ">
<subfield code="a">ne 61000186</subfield>
</datafield>
<datafield tag="035" ind1="9" ind2=" ">
<subfield code="a">NYUb12336823</subfield>
</datafield>
<datafield tag="035" ind1=" " ind2=" ">
<subfield code="a">(CStRLIN)NYUG01-B3915</subfield>
</datafield>
<datafield tag="040" ind1=" " ind2=" ">
<subfield code="a">DLC</subfield>
<subfield code="c">DLC</subfield>
<subfield code="d">MH</subfield>
<subfield code="d">CStRLIN</subfield>
<subfield code="d">NNU</subfield>
</datafield>
<datafield tag="050" ind1="0" ind2=" ">
<subfield code="a">G93</subfield>
<subfield code="b">.Y195</subfield>
</datafield>
<datafield tag="066" ind1=" " ind2=" ">
<subfield code="c">(3</subfield>
</datafield>
<datafield tag="090" ind1=" " ind2=" ">
<subfield code="a">G93</subfield>
<subfield code="b">.Y195</subfield>
</datafield>
<datafield tag="100" ind1="0" ind2=" ">
<subfield code="6">880-01</subfield>
<subfield code="a">Yāqūt ibn ʻAbd Allāh al-Ḥamawī,</subfield>
<subfield code="d">1179?-1229.</subfield>
</datafield>
<datafield tag="240" ind1="1" ind2="0">
<subfield code="6">880-02</subfield>
<subfield code="a">Muʻjam al-buldān</subfield>
</datafield>
<datafield tag="245" ind1="1" ind2="0">
<subfield code="6">880-03</subfield>
<subfield code="a">Kitāb muʻjam al-buldān /</subfield>
<subfield code="c">taʼlīf Shihāb al-Dīn Abī ʻAbd Allāh Yāqūt ibn ʻAbd Allāh al-Ḥamawī al-Rūmī al-Baghdādī ; ʻuniyá bi-taṣḥīḥihi wa-tartīb waḍʻihi wa-kitābat al-mustadrik ʻalayhi Muḥammad Amīn al-Khānajī al-Kutubī bi-qirāʼatihi ʻAlī Aḥmad ibn al-Amīn al-Shinqīṭī.</subfield>
</datafield>
<datafield tag="250" ind1=" " ind2=" ">
<subfield code="6">880-04</subfield>
<subfield code="a">al-Ṭabʻah 1.</subfield>
</datafield>
<datafield tag="260" ind1=" " ind2=" ">
<subfield code="6">880-05</subfield>
<subfield code="a">Miṣr :</subfield>
<subfield code="b">ʻalá nafqat Aḥmad Nājī al-Jamālī [wa-ghayrih],</subfield>
<subfield code="c">1906-1907.</subfield>
</datafield>
<datafield tag="300" ind1=" " ind2=" ">
<subfield code="a">10 v. in 5. ;</subfield>
<subfield code="c">24 cm.</subfield>
</datafield>
<datafield tag="500" ind1=" " ind2=" ">
<subfield code="a">Vols. 9-10: Kitāb muʻjam al-ʻumrān fī al-mustadrik ʻalá Muʻjam al-Buldān, jammaʻahu wa-rattabahu Muḥammad Amīn al-Khānajī.</subfield>
</datafield>
<datafield tag="650" ind1=" " ind2="0">
<subfield code="a">Geography</subfield>
<subfield code="v">Dictionaries</subfield>
<subfield code="x">Arabic.</subfield>
</datafield>
<datafield tag="650" ind1=" " ind2="0">
<subfield code="a">Geography, Medieval.</subfield>
</datafield>
<datafield tag="700" ind1="1" ind2="2">
<subfield code="6">880-06</subfield>
<subfield code="a">Khānjī, Muḥammad Amīn,</subfield>
<subfield code="d">1865 or 6-1939 or 40.</subfield>
<subfield code="t">Munjam al-ʻumrān.̣.</subfield>
</datafield>
<datafield tag="880" ind1="0" ind2=" ">
<subfield code="6">100-01/</subfield>
<subfield code="a">ياقوت بن عبد الله الحموي.</subfield>
</datafield>
<datafield tag="880" ind1="1" ind2="0">
<subfield code="6">240-02/</subfield>
<subfield code="a">معجم البلدان</subfield>
</datafield>
<datafield tag="880" ind1="1" ind2="0">
<subfield code="6">245-03/</subfield>
<subfield code="a">كتاب معجم البلدان /</subfield>
<subfield code="c">تأليف شهاب الدين أبي عبد الله ياقوت بن عبد الله الحموي الرومي البغدادي ؛ عنى بتصحيحه وترتيب وضعه وكتابة المستدرك هليه محمد أمين الخانجي الكتبي بقراءته على أحمد بن الأمين الشنقيطي.</subfield>
</datafield>
<datafield tag="880" ind1=" " ind2=" ">
<subfield code="6">250-04/</subfield>
<subfield code="a">الطبعة ١.</subfield>
</datafield>
<datafield tag="880" ind1=" " ind2=" ">
<subfield code="6">260-05/</subfield>
<subfield code="a">مصر :</subfield>
<subfield code="b">على نفقة أحمد ناجي الجمالي [وغيره]،</subfield>
<subfield code="c">١٩٠٦-١٩٠٧.</subfield>
</datafield>
<datafield tag="880" ind1="1" ind2="2">
<subfield code="6">700-06/</subfield>
<subfield code="a">خانجي، محمد أمين.</subfield>
<subfield code="t">منجم العمران.</subfield>
</datafield>
<datafield tag="OWN" ind1=" " ind2=" ">
<subfield code="a">GENERAL</subfield>
</datafield>
<datafield tag="998" ind1=" " ind2=" ">
<subfield code="a">20010904</subfield>
<subfield code="d">20010904</subfield>
<subfield code="d">20010904</subfield>
<subfield code="n">NNU</subfield>
<subfield code="s">1</subfield>
<subfield code="t">c</subfield>
<subfield code="z">e</subfield>
</datafield>
<datafield tag="AVA" ind1=" " ind2=" ">
<subfield code="a">NYU50</subfield>
<subfield code="b">BOBST</subfield>
<subfield code="c">Main Collection</subfield>
<subfield code="d">G93 .Y195</subfield>
<subfield code="e">unavailable</subfield>
<subfield code="t">Unavailable</subfield>
<subfield code="f">3</subfield>
<subfield code="g">3</subfield>
<subfield code="h">Y</subfield>
<subfield code="i">3</subfield>
<subfield code="j">MAIN</subfield>
<subfield code="k">0</subfield>
</datafield>
</record>
